


% zdroj na webe
@misc{PLP-Framework,
  author       = {Software Engineering Institute, Carnegie Mellon University},
  title        = {A Framework for Software Product Line Practice---Version 5.0},
  howpublished = {\url{http://www.sei.cmu.edu/productlines/frame_report/}}
}

@book{churchill2017marketing,
  title     = {Marketing},
  author    = {Churchill, Gilbert A and others},
  year      = {2017},
  publisher = {Saraiva Educa{\c{c}}{\~a}o SA}
}
